timestamp,symbol,type,quantity,price,value
2025-04-12 02:07:42.847087,BTC,buy,15822.78481012658,6.32,100000.0
2025-04-12 02:07:42.850342,BTC,sell,0.0,5.539,0.0
2025-04-12 02:07:42.852302,BTC,sell,0.0,6.1,0.0
2025-04-12 02:07:42.853479,BTC,sell,0.0,6.01,0.0
2025-04-12 02:07:42.857306,BTC,sell,0.0,7.2,0.0
2025-04-12 02:07:42.859047,BTC,sell,0.0,7.0,0.0
2025-04-12 02:07:42.860096,BTC,sell,0.0,7.19,0.0
2025-04-12 02:07:42.861677,BTC,sell,0.0,7.55,0.0
2025-04-12 02:07:42.863172,BTC,sell,0.0,7.35,0.0
2025-04-12 02:07:42.864694,BTC,sell,0.0,7.36,0.0
2025-04-12 02:07:42.866507,BTC,sell,0.0,7.3,0.0
2025-04-12 02:07:42.867923,BTC,sell,0.0,7.05,0.0
2025-04-12 02:07:42.870007,BTC,sell,0.0,7.12,0.0
2025-04-12 02:07:42.871801,BTC,sell,0.0,6.495,0.0
2025-04-12 02:07:42.873642,BTC,sell,0.0,7.7201,0.0
2025-04-12 02:07:42.874923,BTC,sell,0.0,7.48,0.0
2025-04-12 02:07:42.875997,BTC,sell,0.0,7.95,0.0
2025-04-12 02:07:42.876985,BTC,sell,0.0,7.66,0.0
2025-04-12 02:07:42.880492,BTC,sell,0.0,7.85,0.0
2025-04-12 02:07:42.883296,BTC,sell,0.0,7.8,0.0
2025-04-12 02:07:42.885949,BTC,sell,0.0,7.25,0.0
2025-04-12 02:07:42.887904,BTC,sell,0.0,7.33,0.0
2025-04-12 02:07:42.889739,BTC,sell,0.0,7.145,0.0
2025-04-12 02:07:42.891160,BTC,sell,0.0,7.66,0.0
2025-04-12 02:07:42.892507,BTC,sell,0.0,7.49,0.0
2025-04-12 02:07:42.893865,BTC,sell,0.0,7.3,0.0
2025-04-12 02:07:42.895043,BTC,sell,0.0,7.44,0.0
2025-04-12 02:07:42.896289,BTC,sell,0.0,7.7,0.0
2025-04-12 02:07:42.900217,BTC,sell,0.0,8.615,0.0
2025-04-12 02:07:42.901941,BTC,sell,0.0,8.55,0.0
2025-04-12 02:07:42.903582,BTC,sell,0.0,8.795,0.0
2025-04-12 02:07:42.905154,BTC,sell,0.0,8.4,0.0
2025-04-12 02:07:42.906321,BTC,sell,0.0,9.6,0.0
2025-04-12 02:07:42.907330,BTC,sell,0.0,9.87,0.0
2025-04-12 02:07:42.908366,BTC,sell,0.0,9.465,0.0
2025-04-12 02:07:42.909748,BTC,sell,0.0,9.97,0.0
2025-04-12 02:07:42.910962,BTC,buy,0.0,10.03,0.0
2025-04-12 02:07:42.911992,BTC,buy,0.0,10.75,0.0
2025-04-12 02:07:42.913395,BTC,buy,0.0,11.975,0.0
2025-04-12 02:07:42.914688,BTC,buy,0.0,11.45,0.0
2025-04-12 02:07:42.917374,BTC,buy,0.0,10.29,0.0
2025-04-12 02:07:42.919321,BTC,buy,0.0,10.63,0.0
2025-04-12 02:07:42.921022,BTC,buy,0.0,11.21,0.0
2025-04-12 02:07:42.923274,BTC,buy,0.0,11.8,0.0
2025-04-12 02:07:42.926772,BTC,buy,0.0,11.05,0.0
2025-04-12 02:07:42.929522,BTC,buy,0.0,11.41,0.0
2025-04-12 02:07:42.930734,BTC,buy,0.0,11.41,0.0
2025-04-12 02:07:42.932728,BTC,buy,0.0,11.225,0.0
2025-04-12 02:07:42.934665,BTC,buy,0.0,10.58,0.0
2025-04-12 02:07:42.936551,BTC,buy,0.0,10.66,0.0
2025-04-12 02:07:42.938249,BTC,buy,0.0,10.18,0.0
2025-04-12 02:07:42.939663,BTC,buy,0.0,10.54,0.0
2025-04-12 02:07:42.941051,BTC,buy,0.0,10.88,0.0
2025-04-12 02:07:42.942629,BTC,buy,0.0,10.89,0.0
2025-04-12 02:07:42.944694,BTC,buy,0.0,11.28,0.0
2025-04-12 02:07:42.946138,BTC,buy,0.0,11.415,0.0
2025-04-12 02:07:42.947909,BTC,buy,0.0,11.34,0.0
2025-04-12 02:07:42.949698,BTC,buy,0.0,11.73,0.0
2025-04-12 02:07:42.951395,BTC,buy,0.0,11.255,0.0
2025-04-12 02:07:42.953030,BTC,buy,0.0,11.58,0.0
2025-04-12 02:07:42.954638,BTC,buy,0.0,11.53,0.0
2025-04-12 02:07:42.956612,BTC,buy,0.0,12.295,0.0
2025-04-12 02:07:42.959691,BTC,buy,0.0,10.8,0.0
2025-04-12 02:07:42.962161,BTC,buy,0.0,10.88,0.0
2025-04-12 02:07:42.964011,BTC,buy,0.0,10.89,0.0
2025-04-12 02:07:42.966206,BTC,buy,0.0,10.905,0.0
2025-04-12 02:07:42.967989,BTC,buy,0.0,10.7,0.0
2025-04-12 02:07:42.969987,BTC,buy,0.0,10.58,0.0
2025-04-12 02:07:42.972050,BTC,buy,0.0,10.31,0.0
2025-04-12 02:07:42.973298,BTC,buy,0.0,10.565,0.0
2025-04-12 02:07:42.975593,BTC,buy,0.0,10.945,0.0
2025-04-12 02:07:42.977540,BTC,buy,0.0,10.2,0.0
2025-04-12 02:07:42.979266,BTC,buy,0.0,10.14,0.0
2025-04-12 02:07:42.981030,BTC,buy,0.0,9.7,0.0
2025-04-12 02:07:42.982393,BTC,buy,0.0,9.49,0.0
2025-04-12 02:07:42.983488,BTC,buy,0.0,9.6,0.0
2025-04-12 02:07:42.984763,BTC,buy,0.0,9.76,0.0
2025-04-12 02:07:42.986395,BTC,buy,0.0,9.37,0.0
2025-04-12 02:07:42.988127,BTC,sell,0.0,9.94,0.0
2025-04-12 02:07:42.991039,BTC,sell,0.0,9.75,0.0
2025-04-12 02:07:42.992722,BTC,sell,0.0,10.33,0.0
2025-04-12 02:07:42.993747,BTC,sell,0.0,9.87,0.0
2025-04-12 02:07:42.995037,BTC,sell,0.0,9.75,0.0
2025-04-12 02:07:42.996195,BTC,sell,0.0,9.6,0.0
2025-04-12 02:07:42.997697,BTC,sell,0.0,9.74,0.0
2025-04-12 02:07:42.998743,BTC,sell,0.0,9.47,0.0
2025-04-12 02:07:42.999637,BTC,sell,0.0,9.31,0.0
2025-04-12 02:07:43.000563,BTC,sell,0.0,9.54,0.0
2025-04-12 02:07:43.001421,BTC,sell,0.0,9.42,0.0
2025-04-12 02:07:43.002335,BTC,sell,0.0,9.87,0.0
2025-04-12 02:07:43.003300,BTC,sell,0.0,10.08,0.0
2025-04-12 02:07:43.004201,BTC,sell,0.0,10.49,0.0
2025-04-12 02:07:43.005997,BTC,sell,0.0,10.38,0.0
2025-04-12 02:07:43.007650,BTC,sell,0.0,12.15,0.0
2025-04-12 02:07:43.008752,BTC,sell,0.0,12.53,0.0
2025-04-12 02:07:43.009710,BTC,sell,0.0,12.35,0.0
2025-04-12 02:07:43.010576,BTC,sell,0.0,12.225,0.0
2025-04-12 02:07:43.011475,BTC,sell,0.0,12.815,0.0
2025-04-12 02:07:43.012370,BTC,sell,0.0,13.34,0.0
2025-04-12 02:07:43.013221,BTC,buy,0.0,13.2,0.0
2025-04-12 02:07:43.014150,BTC,buy,0.0,13.84,0.0
2025-04-12 02:07:43.015021,BTC,buy,0.0,14.44,0.0
2025-04-12 02:07:43.015918,BTC,buy,0.0,13.06,0.0
2025-04-12 02:07:43.016765,BTC,buy,0.0,13.69,0.0
2025-04-12 02:07:43.017672,BTC,buy,0.0,12.55,0.0
2025-04-12 02:07:43.018544,BTC,buy,0.0,13.1065,0.0
2025-04-12 02:07:43.019410,BTC,buy,0.0,13.11,0.0
2025-04-12 02:07:43.020272,BTC,buy,0.0,13.4,0.0
2025-04-12 02:07:43.021730,BTC,buy,0.0,14.75,0.0
2025-04-12 02:07:43.023057,BTC,buy,0.0,14.39,0.0
2025-04-12 02:07:43.024103,BTC,buy,0.0,13.71,0.0
2025-04-12 02:07:43.025268,BTC,buy,0.0,14.16,0.0
2025-04-12 02:07:43.026183,BTC,buy,0.0,13.58,0.0
2025-04-12 02:07:43.027290,BTC,buy,0.0,13.72,0.0
2025-04-12 02:07:43.028230,BTC,buy,0.0,13.0,0.0
2025-04-12 02:07:43.029125,BTC,buy,0.0,13.39,0.0
2025-04-12 02:07:43.030146,BTC,buy,0.0,12.89,0.0
2025-04-12 02:07:43.031043,BTC,buy,0.0,13.2,0.0
2025-04-12 02:07:43.032063,BTC,buy,0.0,13.53,0.0
2025-04-12 02:07:43.033119,BTC,buy,0.0,13.85,0.0
2025-04-12 02:07:43.034021,BTC,buy,0.0,13.195,0.0
2025-04-12 02:07:43.034922,BTC,buy,0.0,12.02,0.0
2025-04-12 02:07:43.035776,BTC,buy,0.0,12.01,0.0
2025-04-12 02:07:43.037460,BTC,buy,0.0,11.1101,0.0
2025-04-12 02:07:43.039026,BTC,buy,0.0,11.5575,0.0
2025-04-12 02:07:43.040106,BTC,buy,0.0,11.37,0.0
2025-04-12 02:07:43.041176,BTC,buy,0.0,11.22,0.0
2025-04-12 02:07:43.042105,BTC,buy,0.0,11.86,0.0
2025-04-12 02:07:43.043051,BTC,buy,0.0,11.95,0.0
2025-04-12 02:07:43.044063,BTC,buy,0.0,12.06,0.0
2025-04-12 02:07:43.044999,BTC,buy,0.0,11.93,0.0
2025-04-12 02:07:43.045913,BTC,buy,0.0,11.74,0.0
2025-04-12 02:07:43.046867,BTC,buy,0.0,11.14,0.0
2025-04-12 02:07:43.048178,BTC,sell,0.0,11.27,0.0
2025-04-12 02:07:43.049727,BTC,sell,0.0,10.61,0.0
2025-04-12 02:07:43.051883,BTC,sell,0.0,11.17,0.0
2025-04-12 02:07:43.052969,BTC,sell,0.0,11.23,0.0
2025-04-12 02:07:43.053916,BTC,sell,0.0,11.16,0.0
2025-04-12 02:07:43.054849,BTC,sell,0.0,11.03,0.0
2025-04-12 02:07:43.055860,BTC,sell,0.0,10.97,0.0
2025-04-12 02:07:43.057382,BTC,sell,0.0,10.87,0.0
2025-04-12 02:07:43.058528,BTC,sell,0.0,10.86,0.0
2025-04-12 02:07:43.059529,BTC,sell,0.0,11.28,0.0
2025-04-12 02:07:43.060417,BTC,sell,0.0,10.845,0.0
2025-04-12 02:07:43.061339,BTC,sell,0.0,10.97,0.0
2025-04-12 02:07:43.062191,BTC,sell,0.0,11.86,0.0
2025-04-12 02:07:43.063123,BTC,sell,0.0,11.77,0.0
2025-04-12 02:07:43.064042,BTC,sell,0.0,12.665,0.0
2025-04-12 02:07:43.064953,BTC,sell,0.0,12.38,0.0
2025-04-12 02:07:43.065799,BTC,sell,0.0,12.2,0.0
2025-04-12 02:07:43.066715,BTC,sell,0.0,12.45,0.0
2025-04-12 02:07:43.068157,BTC,sell,0.0,12.43,0.0
2025-04-12 02:07:43.069560,BTC,sell,0.0,12.83,0.0
2025-04-12 02:07:43.070586,BTC,sell,0.0,13.305,0.0
2025-04-12 02:07:43.071533,BTC,sell,0.0,14.295,0.0
2025-04-12 02:07:43.072643,BTC,sell,0.0,14.625,0.0
2025-04-12 02:07:43.073619,BTC,sell,0.0,14.38,0.0
2025-04-12 02:07:43.074562,BTC,sell,0.0,14.38,0.0
2025-04-12 02:07:43.075867,BTC,buy,0.0,15.67,0.0
2025-04-12 02:07:43.077053,BTC,buy,0.0,14.91,0.0
2025-04-12 02:07:43.078140,BTC,buy,0.0,15.26,0.0
2025-04-12 02:07:43.079185,BTC,buy,0.0,15.38,0.0
2025-04-12 02:07:43.080122,BTC,buy,0.0,15.51,0.0
2025-04-12 02:07:43.081235,BTC,buy,0.0,15.42,0.0
2025-04-12 02:07:43.082330,BTC,buy,0.0,15.87,0.0
2025-04-12 02:07:43.083963,BTC,buy,0.0,17.27,0.0
2025-04-12 02:07:43.085258,BTC,buy,0.0,17.54,0.0
2025-04-12 02:07:43.086309,BTC,buy,0.0,17.09,0.0
2025-04-12 02:07:43.087577,BTC,buy,0.0,16.51,0.0
2025-04-12 02:07:43.088611,BTC,buy,0.0,17.525,0.0
2025-04-12 02:07:43.089885,BTC,buy,0.0,18.24,0.0
2025-04-12 02:07:43.091269,BTC,buy,0.0,17.96,0.0
2025-04-12 02:07:43.092311,BTC,buy,0.0,18.86,0.0
2025-04-12 02:07:43.093277,BTC,buy,0.0,20.16,0.0
2025-04-12 02:07:43.094133,BTC,buy,0.0,19.64,0.0
2025-04-12 02:07:43.095028,BTC,buy,0.0,20.1,0.0
2025-04-12 02:07:43.095899,BTC,buy,0.0,21.24,0.0
2025-04-12 02:07:43.096768,BTC,buy,0.0,22.13,0.0
2025-04-12 02:07:43.098136,BTC,buy,0.0,22.36,0.0
2025-04-12 02:07:43.100055,BTC,buy,0.0,20.865,0.0
2025-04-12 02:07:43.101741,BTC,buy,0.0,18.835,0.0
2025-04-12 02:07:43.105122,BTC,buy,0.0,23.1935,0.0
2025-04-12 02:07:43.106737,BTC,buy,0.0,23.74,0.0
2025-04-12 02:07:43.108149,BTC,buy,0.0,23.39,0.0
2025-04-12 02:07:43.109626,BTC,buy,0.0,24.0,0.0
2025-04-12 02:07:43.110941,BTC,buy,0.0,23.22,0.0
2025-04-12 02:07:43.111925,BTC,buy,0.0,22.46,0.0
2025-04-12 02:07:43.112864,BTC,buy,0.0,20.96,0.0
2025-04-12 02:07:43.113751,BTC,buy,0.0,20.07,0.0
2025-04-12 02:07:43.115182,BTC,buy,0.0,21.47,0.0
2025-04-12 02:07:43.116385,BTC,buy,0.0,20.61,0.0
2025-04-12 02:07:43.117539,BTC,buy,0.0,22.27,0.0
2025-04-12 02:07:43.118671,BTC,buy,0.0,23.255,0.0
2025-04-12 02:07:43.119828,BTC,buy,0.0,25.81,0.0
2025-04-12 02:07:43.121048,BTC,buy,0.0,28.25,0.0
2025-04-12 02:07:43.122530,BTC,buy,0.0,29.48,0.0
2025-04-12 02:07:43.123882,BTC,buy,0.0,30.83,0.0
2025-04-12 02:07:43.125132,BTC,buy,0.0,30.39,0.0
2025-04-12 02:07:43.126326,BTC,buy,0.0,28.88,0.0
2025-04-12 02:07:43.127434,BTC,buy,0.0,27.35,0.0
2025-04-12 02:07:43.128516,BTC,buy,0.0,30.45,0.0
2025-04-12 02:07:43.129503,BTC,buy,0.0,30.08,0.0
2025-04-12 02:07:43.132714,BTC,buy,0.0,32.9,0.0
2025-04-12 02:07:43.134872,BTC,buy,0.0,32.0,0.0
2025-04-12 02:07:43.136014,BTC,buy,0.0,35.08,0.0
2025-04-12 02:07:43.137414,BTC,buy,0.0,39.41,0.0
2025-04-12 02:07:43.138438,BTC,buy,0.0,43.93,0.0
2025-04-12 02:07:43.139618,BTC,buy,0.0,44.97,0.0
2025-04-12 02:07:43.140690,BTC,buy,0.0,44.42,0.0
2025-04-12 02:07:43.141762,BTC,buy,0.0,37.4,0.0
2025-04-12 02:07:43.142885,BTC,buy,0.0,38.92,0.0
2025-04-12 02:07:43.144016,BTC,buy,0.0,38.92,0.0
2025-04-12 02:07:43.145432,BTC,buy,0.0,43.53,0.0
2025-04-12 02:07:43.146937,BTC,buy,0.0,39.34,0.0
2025-04-12 02:07:43.148673,BTC,buy,0.0,38.055,0.0
2025-04-12 02:07:43.149965,BTC,buy,0.0,35.35,0.0
2025-04-12 02:07:43.151288,BTC,buy,0.0,31.935,0.0
2025-04-12 02:07:43.152775,BTC,buy,0.0,34.45,0.0
2025-04-12 02:07:43.154207,BTC,buy,0.0,33.05,0.0
2025-04-12 02:07:43.155703,BTC,buy,0.0,31.487,0.0
2025-04-12 02:07:43.157348,BTC,buy,0.0,31.361,0.0
2025-04-12 02:07:43.159645,BTC,buy,0.0,33.645,0.0
2025-04-12 02:07:43.161317,BTC,buy,0.0,34.69,0.0
2025-04-12 02:07:43.162929,BTC,buy,0.0,33.95,0.0
2025-04-12 02:07:43.165452,BTC,buy,0.0,36.8,0.0
2025-04-12 02:07:43.167525,BTC,buy,0.0,38.06,0.0
2025-04-12 02:07:43.169172,BTC,buy,0.0,37.96,0.0
2025-04-12 02:07:43.171035,BTC,buy,0.0,37.88,0.0
2025-04-12 02:07:43.172664,BTC,buy,0.0,45.69,0.0
2025-04-12 02:07:43.175435,BTC,buy,0.0,47.9,0.0
2025-04-12 02:07:43.178315,BTC,buy,0.0,44.95,0.0
2025-04-12 02:07:43.180051,BTC,buy,0.0,48.0,0.0
2025-04-12 02:07:43.181948,BTC,buy,0.0,48.91,0.0
2025-04-12 02:07:43.183573,BTC,buy,0.0,50.3065,0.0
2025-04-12 02:07:43.185310,BTC,buy,0.0,54.07,0.0
2025-04-12 02:07:43.186401,BTC,buy,0.0,54.07,0.0
2025-04-12 02:07:43.187629,BTC,buy,0.0,56.7,0.0
2025-04-12 02:07:43.189536,BTC,buy,0.0,53.5,0.0
2025-04-12 02:07:43.191033,BTC,buy,0.0,45.84,0.0
2025-04-12 02:07:43.193680,BTC,buy,0.0,48.4,0.0
2025-04-12 02:07:43.196015,BTC,buy,0.0,48.4,0.0
2025-04-12 02:07:43.197659,BTC,buy,0.0,43.2,0.0
2025-04-12 02:07:43.200138,BTC,buy,0.0,45.82,0.0
2025-04-12 02:07:43.201442,BTC,buy,0.0,44.12,0.0
2025-04-12 02:07:43.203421,BTC,buy,0.0,46.16,0.0
2025-04-12 02:07:43.204520,BTC,buy,0.0,41.4,0.0
2025-04-12 02:07:43.205822,BTC,buy,0.0,43.8,0.0
2025-04-12 02:07:43.206843,BTC,buy,0.0,45.4,0.0
2025-04-12 02:07:43.208351,BTC,buy,0.0,49.12,0.0
2025-04-12 02:07:43.209843,BTC,buy,0.0,50.42,0.0
2025-04-12 02:07:43.211126,BTC,buy,0.0,52.3,0.0
2025-04-12 02:07:43.212899,BTC,buy,0.0,50.0,0.0
2025-04-12 02:07:43.213954,BTC,buy,0.0,51.38,0.0
2025-04-12 02:07:43.214891,BTC,buy,0.0,49.86,0.0
2025-04-12 02:07:43.216141,BTC,buy,0.0,51.99,0.0
2025-04-12 02:07:43.217563,BTC,buy,0.0,50.81,0.0
2025-04-12 02:07:43.218523,BTC,buy,0.0,52.955,0.0
2025-04-12 02:07:43.219472,BTC,buy,0.0,49.5,0.0
2025-04-12 02:07:43.220363,BTC,buy,0.0,46.75,0.0
2025-04-12 02:07:43.221546,BTC,buy,0.0,45.0,0.0
2025-04-12 02:07:43.222766,BTC,buy,0.0,44.5,0.0
2025-04-12 02:07:43.223714,BTC,buy,0.0,46.43,0.0
2025-04-12 02:07:43.225486,BTC,buy,0.0,49.45,0.0
2025-04-12 02:07:43.226619,BTC,buy,0.0,50.82,0.0
2025-04-12 02:07:43.227575,BTC,buy,0.0,50.04,0.0
2025-04-12 02:07:43.228570,BTC,buy,0.0,50.865,0.0
2025-04-12 02:07:43.229538,BTC,buy,0.0,52.95,0.0
2025-04-12 02:07:43.230495,BTC,buy,0.0,50.62,0.0
2025-04-12 02:07:43.232148,BTC,buy,0.0,47.57,0.0
2025-04-12 02:07:43.234012,BTC,buy,0.0,49.05,0.0
2025-04-12 02:07:43.235322,BTC,buy,0.0,49.65,0.0
2025-04-12 02:07:43.237290,BTC,buy,0.0,51.78,0.0
2025-04-12 02:07:43.238780,BTC,buy,0.0,54.93,0.0
2025-04-12 02:07:43.239813,BTC,buy,0.0,51.5,0.0
2025-04-12 02:07:43.244780,BTC,buy,0.0,52.6,0.0
2025-04-12 02:07:43.246074,BTC,buy,0.0,51.37,0.0
2025-04-12 02:07:43.247134,BTC,buy,0.0,47.9499,0.0
2025-04-12 02:07:43.249517,BTC,buy,0.0,47.01,0.0
2025-04-12 02:07:43.251734,BTC,buy,0.0,45.35,0.0
2025-04-12 02:07:43.252900,BTC,buy,0.0,41.32,0.0
2025-04-12 02:07:43.254417,BTC,buy,0.0,42.385,0.0
2025-04-12 02:07:43.255935,BTC,buy,0.0,45.91,0.0
2025-04-12 02:07:43.257156,BTC,buy,0.0,46.575,0.0
2025-04-12 02:07:43.258457,BTC,buy,0.0,46.2,0.0
2025-04-12 02:07:43.259472,BTC,sell,0.0,43.0,0.0
2025-04-12 02:07:43.260895,BTC,sell,0.0,46.85,0.0
2025-04-12 02:07:43.262161,BTC,sell,0.0,47.23,0.0
2025-04-12 02:07:43.263198,BTC,sell,0.0,44.35,0.0
2025-04-12 02:07:43.264276,BTC,sell,0.0,46.06,0.0
2025-04-12 02:07:43.265448,BTC,sell,0.0,45.205,0.0
2025-04-12 02:07:43.266373,BTC,sell,0.0,46.88,0.0
2025-04-12 02:07:43.267758,BTC,sell,0.0,44.22,0.0
2025-04-12 02:07:43.269049,BTC,sell,0.0,44.876,0.0
2025-04-12 02:07:43.270036,BTC,sell,0.0,44.876,0.0
2025-04-12 02:07:43.271500,BTC,sell,0.0,37.182,0.0
2025-04-12 02:07:43.273263,BTC,sell,0.0,39.43,0.0
2025-04-12 02:07:43.274497,BTC,sell,0.0,35.5,0.0
2025-04-12 02:07:43.275644,BTC,sell,0.0,34.38,0.0
2025-04-12 02:07:43.276702,BTC,sell,0.0,32.6,0.0
2025-04-12 02:07:43.277861,BTC,sell,0.0,33.0499,0.0
2025-04-12 02:07:43.278833,BTC,sell,0.0,33.0499,0.0
2025-04-12 02:07:43.279858,BTC,sell,0.0,33.115,0.0
2025-04-12 02:07:43.281932,BTC,sell,0.0,31.51,0.0
2025-04-12 02:07:43.284004,BTC,sell,0.0,32.05,0.0
2025-04-12 02:07:43.286270,BTC,sell,0.0,32.46,0.0
2025-04-12 02:07:43.287597,BTC,sell,0.0,30.22,0.0
2025-04-12 02:07:43.288717,BTC,sell,0.0,29.54,0.0
2025-04-12 02:07:43.291501,BTC,sell,0.0,31.1,0.0
2025-04-12 02:07:43.293293,BTC,sell,0.0,32.25,0.0
2025-04-12 02:07:43.294949,BTC,sell,0.0,30.9,0.0
2025-04-12 02:07:43.296557,BTC,sell,0.0,29.5665,0.0
2025-04-12 02:07:43.298175,BTC,sell,0.0,27.45,0.0
2025-04-12 02:07:43.299432,BTC,sell,0.0,30.1,0.0
2025-04-12 02:07:43.301341,BTC,sell,0.0,30.4,0.0
2025-04-12 02:07:43.302754,BTC,sell,0.0,30.78,0.0
2025-04-12 02:07:43.303774,BTC,sell,0.0,33.08,0.0
2025-04-12 02:07:43.304744,BTC,sell,0.0,33.2335,0.0
2025-04-12 02:07:43.306341,BTC,sell,0.0,32.05,0.0
2025-04-12 02:07:43.307748,BTC,sell,0.0,32.05,0.0
2025-04-12 02:07:43.309441,BTC,sell,0.0,29.8,0.0
2025-04-12 02:07:43.310641,BTC,sell,0.0,27.7,0.0
2025-04-12 02:07:43.311627,BTC,sell,0.0,28.01,0.0
2025-04-12 02:07:43.312556,BTC,sell,0.0,27.79,0.0
2025-04-12 02:07:43.313569,BTC,sell,0.0,29.61,0.0
2025-04-12 02:07:43.314625,BTC,sell,0.0,27.68,0.0
2025-04-12 02:07:43.315606,BTC,sell,0.0,29.25,0.0
2025-04-12 02:07:43.316560,BTC,sell,0.0,31.13,0.0
2025-04-12 02:07:43.317865,BTC,sell,0.0,29.81,0.0
2025-04-12 02:07:43.319012,BTC,sell,0.0,28.47,0.0
2025-04-12 02:07:43.320073,BTC,sell,0.0,28.58,0.0
2025-04-12 02:07:43.321121,BTC,sell,0.0,28.72,0.0
2025-04-12 02:07:43.322598,BTC,sell,0.0,28.75,0.0
2025-04-12 02:07:43.323622,BTC,sell,0.0,27.4,0.0
2025-04-12 02:07:43.324889,BTC,sell,0.0,27.65,0.0
2025-04-12 02:07:43.326001,BTC,sell,0.0,26.9,0.0
2025-04-12 02:07:43.327172,BTC,sell,0.0,26.4,0.0
2025-04-12 02:07:43.328143,BTC,sell,0.0,26.88,0.0
2025-04-12 02:07:43.329076,BTC,sell,0.0,25.52,0.0
2025-04-12 02:07:43.330088,BTC,sell,0.0,26.2,0.0
2025-04-12 02:07:43.331091,BTC,sell,0.0,25.25,0.0
2025-04-12 02:07:43.332458,BTC,sell,0.0,24.02,0.0
2025-04-12 02:07:43.333807,BTC,sell,0.0,26.03,0.0
2025-04-12 02:07:43.334791,BTC,sell,0.0,27.05,0.0
2025-04-12 02:07:43.335740,BTC,sell,0.0,27.19,0.0
2025-04-12 02:07:43.336608,BTC,sell,0.0,33.79,0.0
2025-04-12 02:07:43.337519,BTC,sell,0.0,33.0,0.0
2025-04-12 02:07:43.338390,BTC,sell,0.0,35.18,0.0
2025-04-12 02:07:43.339526,BTC,sell,0.0,34.15,0.0
2025-04-12 02:07:43.341004,BTC,sell,0.0,34.15,0.0
2025-04-12 02:07:43.342366,BTC,sell,0.0,33.55,0.0
2025-04-12 02:07:43.343377,BTC,sell,0.0,31.87,0.0
2025-04-12 02:07:43.344377,BTC,sell,0.0,33.14,0.0
2025-04-12 02:07:43.345336,BTC,sell,0.0,33.72,0.0
2025-04-12 02:07:43.346240,BTC,buy,0.0,36.01,0.0
2025-04-12 02:07:43.348460,BTC,buy,0.0,38.55,0.0
2025-04-12 02:07:43.350484,BTC,buy,0.0,37.8,0.0
2025-04-12 02:07:43.351601,BTC,buy,0.0,38.87,0.0
2025-04-12 02:07:43.352547,BTC,buy,0.0,36.87,0.0
2025-04-12 02:07:43.353479,BTC,buy,0.0,38.37,0.0
2025-04-12 02:07:43.354453,BTC,buy,0.0,38.37,0.0
2025-04-12 02:07:43.355496,BTC,buy,0.0,36.61,0.0
2025-04-12 02:07:43.356972,BTC,buy,0.0,35.33,0.0
2025-04-12 02:07:43.358420,BTC,buy,0.0,37.49,0.0
2025-04-12 02:07:43.359390,BTC,buy,0.0,39.58,0.0
2025-04-12 02:07:43.360323,BTC,buy,0.0,39.86,0.0
2025-04-12 02:07:43.361263,BTC,buy,0.0,39.09,0.0
2025-04-12 02:07:43.362154,BTC,buy,0.0,39.12,0.0
2025-04-12 02:07:43.363344,BTC,buy,0.0,37.82,0.0
2025-04-12 02:07:43.364340,BTC,buy,0.0,39.15,0.0
2025-04-12 02:07:43.365297,BTC,buy,0.0,38.9,0.0
2025-04-12 02:07:43.366241,BTC,buy,0.0,37.77,0.0
2025-04-12 02:07:43.367144,BTC,buy,0.0,38.24,0.0
2025-04-12 02:07:43.368083,BTC,buy,0.0,39.07,0.0
2025-04-12 02:07:43.368948,BTC,buy,0.0,40.73,0.0
2025-04-12 02:07:43.369831,BTC,buy,0.0,37.81,0.0
2025-04-12 02:07:43.370711,BTC,buy,0.0,37.52,0.0
2025-04-12 02:07:43.371663,BTC,buy,0.0,37.45,0.0
2025-04-12 02:07:43.373067,BTC,buy,0.0,36.8,0.0
2025-04-12 02:07:43.374502,BTC,buy,0.0,35.73,0.0
2025-04-12 02:07:43.375607,BTC,buy,0.0,36.81,0.0
2025-04-12 02:07:43.376583,BTC,buy,0.0,38.805,0.0
2025-04-12 02:07:43.378042,BTC,buy,0.0,38.0,0.0
2025-04-12 02:07:43.379117,BTC,buy,0.0,37.7,0.0
2025-04-12 02:07:43.380065,BTC,buy,0.0,34.555,0.0
2025-04-12 02:07:43.381234,BTC,buy,0.0,33.18,0.0
2025-04-12 02:07:43.382260,BTC,buy,0.0,34.88,0.0
2025-04-12 02:07:43.383230,BTC,buy,0.0,35.89,0.0
2025-04-12 02:07:43.384298,BTC,buy,0.0,34.23,0.0
2025-04-12 02:07:43.385443,BTC,buy,0.0,34.18,0.0
2025-04-12 02:07:43.386720,BTC,buy,0.0,32.73,0.0
2025-04-12 02:07:43.388023,BTC,buy,0.0,32.12,0.0
2025-04-12 02:07:43.389693,BTC,buy,0.0,33.85,0.0
2025-04-12 02:07:43.391497,BTC,sell,0.0,37.19,0.0
2025-04-12 02:07:43.393096,BTC,sell,0.0,39.13,0.0
2025-04-12 02:07:43.396917,BTC,sell,0.0,40.44,0.0
2025-04-12 02:07:43.398907,BTC,sell,0.0,42.78,0.0
2025-04-12 02:07:43.400451,BTC,sell,0.0,41.55,0.0
2025-04-12 02:07:43.402185,BTC,sell,0.0,42.34,0.0
2025-04-12 02:07:43.404359,BTC,sell,0.0,44.315,0.0
2025-04-12 02:07:43.407569,BTC,buy,0.0,42.45,0.0
2025-04-12 02:07:43.409868,BTC,buy,0.0,44.65,0.0
2025-04-12 02:07:43.411759,BTC,buy,0.0,44.9101,0.0
2025-04-12 02:07:43.413126,BTC,buy,0.0,47.41,0.0
2025-04-12 02:07:43.414518,BTC,buy,0.0,45.65,0.0
2025-04-12 02:07:43.416192,BTC,buy,0.0,48.82,0.0
2025-04-12 02:07:43.417904,BTC,buy,0.0,51.75,0.0
2025-04-12 02:07:43.419459,BTC,buy,0.0,48.97,0.0
2025-04-12 02:07:43.420866,BTC,buy,0.0,48.75,0.0
2025-04-12 02:07:43.422516,BTC,buy,0.0,50.89,0.0
2025-04-12 02:07:43.424472,BTC,buy,0.0,49.43,0.0
2025-04-12 02:07:43.426101,BTC,buy,0.0,46.7,0.0
2025-04-12 02:07:43.428239,BTC,buy,0.0,48.685,0.0
2025-04-12 02:07:43.429815,BTC,buy,0.0,49.69,0.0
2025-04-12 02:07:43.431513,BTC,buy,0.0,49.24,0.0
2025-04-12 02:07:43.433097,BTC,buy,0.0,50.46,0.0
2025-04-12 02:07:43.434401,BTC,buy,0.0,50.46,0.0
2025-04-12 02:07:43.435794,BTC,buy,0.0,48.87,0.0
2025-04-12 02:07:43.437243,BTC,buy,0.0,48.57,0.0
2025-04-12 02:07:43.439120,BTC,buy,0.0,52.3,0.0
2025-04-12 02:07:43.441411,BTC,buy,0.0,53.49,0.0
2025-04-12 02:07:43.443047,BTC,buy,0.0,53.49,0.0
2025-04-12 02:07:43.444308,BTC,buy,0.0,52.19,0.0
2025-04-12 02:07:43.445693,BTC,buy,0.0,51.47,0.0
2025-04-12 02:07:43.447060,BTC,buy,0.0,51.18,0.0
2025-04-12 02:07:43.448818,BTC,buy,0.0,47.07,0.0
2025-04-12 02:07:43.450720,BTC,buy,0.0,48.38,0.0
2025-04-12 02:07:43.452567,BTC,buy,0.0,46.48,0.0
2025-04-12 02:07:43.453888,BTC,buy,0.0,47.14,0.0
2025-04-12 02:07:43.455416,BTC,buy,0.0,45.15,0.0
2025-04-12 02:07:43.458859,BTC,buy,0.0,46.88,0.0
2025-04-12 02:07:43.460518,BTC,buy,0.0,46.42,0.0
2025-04-12 02:07:43.462011,BTC,buy,0.0,44.33,0.0
2025-04-12 02:07:43.463440,BTC,buy,0.0,47.18,0.0
2025-04-12 02:07:43.464722,BTC,buy,0.0,46.22,0.0
2025-04-12 02:07:43.465940,BTC,buy,0.0,44.87,0.0
2025-04-12 02:07:43.467155,BTC,buy,0.0,45.39,0.0
2025-04-12 02:07:43.468565,BTC,buy,0.0,41.85,0.0
2025-04-12 02:07:43.469663,BTC,buy,0.0,38.4,0.0
2025-04-12 02:07:43.470755,BTC,buy,0.0,40.1,0.0
2025-04-12 02:07:43.472126,BTC,buy,0.0,40.33,0.0
2025-04-12 02:07:43.473389,BTC,sell,0.0,37.1,0.0
2025-04-12 02:07:43.474632,BTC,sell,0.0,37.28,0.0
2025-04-12 02:07:43.475556,BTC,sell,0.0,35.41,0.0
2025-04-12 02:07:43.476409,BTC,sell,0.0,36.7,0.0
2025-04-12 02:07:43.477310,BTC,sell,0.0,37.66,0.0
2025-04-12 02:07:43.478198,BTC,sell,0.0,36.31,0.0
2025-04-12 02:07:43.479050,BTC,sell,0.0,34.42,0.0
2025-04-12 02:07:43.479981,BTC,sell,0.0,34.47,0.0
2025-04-12 02:07:43.480902,BTC,sell,0.0,36.53,0.0
2025-04-12 02:07:43.481846,BTC,sell,0.0,37.0,0.0
2025-04-12 02:07:43.482732,BTC,sell,0.0,39.135,0.0
2025-04-12 02:07:43.483613,BTC,sell,0.0,39.29,0.0
2025-04-12 02:07:43.484455,BTC,sell,0.0,36.326,0.0
2025-04-12 02:07:43.485317,BTC,sell,0.0,35.36,0.0
2025-04-12 02:07:43.486463,BTC,sell,0.0,35.39,0.0
2025-04-12 02:07:43.487799,BTC,sell,0.0,34.25,0.0
2025-04-12 02:07:43.489283,BTC,sell,0.0,34.25,0.0
2025-04-12 02:07:43.490645,BTC,sell,0.0,34.66,0.0
2025-04-12 02:07:43.491754,BTC,sell,0.0,32.49,0.0
2025-04-12 02:07:43.492707,BTC,sell,0.0,31.94,0.0
2025-04-12 02:07:43.493622,BTC,sell,0.0,30.735,0.0
2025-04-12 02:07:43.494496,BTC,sell,0.0,30.17,0.0
2025-04-12 02:07:43.495344,BTC,sell,0.0,31.15,0.0
2025-04-12 02:07:43.496262,BTC,sell,0.0,31.95,0.0
2025-04-12 02:07:43.497210,BTC,sell,0.0,30.5,0.0
2025-04-12 02:07:43.498347,BTC,sell,0.0,30.53,0.0
2025-04-12 02:07:43.499321,BTC,sell,0.0,28.57,0.0
2025-04-12 02:07:43.500373,BTC,sell,0.0,28.02,0.0
2025-04-12 02:07:43.502001,BTC,sell,0.0,29.02,0.0
2025-04-12 02:07:43.503620,BTC,sell,0.0,25.59,0.0
2025-04-12 02:07:43.505221,BTC,sell,0.0,25.8965,0.0
2025-04-12 02:07:43.506998,BTC,sell,0.0,25.43,0.0
2025-04-12 02:07:43.509188,BTC,sell,0.0,25.44,0.0
2025-04-12 02:07:43.510553,BTC,sell,0.0,24.11,0.0
2025-04-12 02:07:43.511775,BTC,sell,0.0,25.735,0.0
2025-04-12 02:07:43.512967,BTC,sell,0.0,26.24,0.0
2025-04-12 02:07:43.514034,BTC,sell,0.0,26.27,0.0
2025-04-12 02:07:43.515151,BTC,sell,0.0,25.55,0.0
2025-04-12 02:07:43.516253,BTC,sell,0.0,24.63,0.0
2025-04-12 02:07:43.517653,BTC,sell,0.0,27.96,0.0
2025-04-12 02:07:43.518738,BTC,sell,0.0,30.57,0.0
2025-04-12 02:07:43.519853,BTC,sell,0.0,31.35,0.0
2025-04-12 02:07:43.520987,BTC,sell,0.0,32.08,0.0
2025-04-12 02:07:43.522228,BTC,sell,0.0,31.0,0.0
2025-04-12 02:07:43.523873,BTC,sell,0.0,29.61,0.0
2025-04-12 02:07:43.525590,BTC,sell,0.0,29.45,0.0
2025-04-12 02:07:43.527052,BTC,sell,0.0,31.29,0.0
2025-04-12 02:07:43.528401,BTC,sell,0.0,31.12,0.0
2025-04-12 02:07:43.529769,BTC,sell,0.0,28.34,0.0
2025-04-12 02:07:43.531085,BTC,sell,0.0,27.3,0.0
2025-04-12 02:07:43.532285,BTC,sell,0.0,25.93,0.0
2025-04-12 02:07:43.533807,BTC,sell,0.0,25.93,0.0
2025-04-12 02:07:43.534897,BTC,sell,0.0,26.59,0.0
2025-04-12 02:07:43.536175,BTC,sell,0.0,27.175,0.0
2025-04-12 02:07:43.537526,BTC,sell,0.0,29.39,0.0
2025-04-12 02:07:43.539268,BTC,sell,0.0,30.75,0.0
2025-04-12 02:07:43.540603,BTC,sell,0.0,30.177,0.0
2025-04-12 02:07:43.541942,BTC,sell,0.0,28.11,0.0
2025-04-12 02:07:43.543755,BTC,sell,0.0,26.13,0.0
2025-04-12 02:07:43.545393,BTC,sell,0.0,24.67,0.0
2025-04-12 02:07:43.547215,BTC,sell,0.0,25.5,0.0
2025-04-12 02:07:43.549617,BTC,sell,0.0,28.1,0.0
2025-04-12 02:07:43.570631,BTC,sell,0.0,26.6,0.0
2025-04-12 02:07:43.573333,BTC,sell,0.0,25.51,0.0
2025-04-12 02:07:43.574556,BTC,sell,0.0,25.4,0.0
2025-04-12 02:07:43.576601,BTC,sell,0.0,26.34,0.0
2025-04-12 02:07:43.579362,BTC,sell,0.0,27.5,0.0
2025-04-12 02:07:43.581638,BTC,sell,0.0,27.65,0.0
2025-04-12 02:07:43.584359,BTC,sell,0.0,28.7,0.0
2025-04-12 02:07:43.586462,BTC,sell,0.0,27.69,0.0
2025-04-12 02:07:43.587605,BTC,sell,0.0,28.75,0.0
2025-04-12 02:07:43.592240,BTC,sell,0.0,28.75,0.0
2025-04-12 02:07:43.593981,BTC,sell,0.0,30.51,0.0
2025-04-12 02:07:43.595545,BTC,sell,0.0,30.17,0.0
2025-04-12 02:07:43.597789,BTC,buy,0.0,32.81,0.0
2025-04-12 02:07:43.598905,BTC,buy,0.0,32.87,0.0
2025-04-12 02:07:43.599979,BTC,buy,0.0,32.06,0.0
2025-04-12 02:07:43.600955,BTC,buy,0.0,30.54,0.0
2025-04-12 02:07:43.602047,BTC,buy,0.0,32.05,0.0
2025-04-12 02:07:43.603006,BTC,buy,0.0,32.08,0.0
2025-04-12 02:07:43.603913,BTC,buy,0.0,32.13,0.0
2025-04-12 02:07:43.604851,BTC,buy,0.0,30.21,0.0
2025-04-12 02:07:43.608874,BTC,buy,0.0,30.38,0.0
2025-04-12 02:07:43.612752,BTC,buy,0.0,29.82,0.0
2025-04-12 02:07:43.614506,BTC,buy,0.0,27.78,0.0
2025-04-12 02:07:43.615714,BTC,buy,0.0,27.38,0.0
2025-04-12 02:07:43.616854,BTC,buy,0.0,29.19,0.0
2025-04-12 02:07:43.617982,BTC,buy,0.0,28.5,0.0
2025-04-12 02:07:43.619748,BTC,buy,0.0,29.5,0.0
2025-04-12 02:07:43.621677,BTC,buy,0.0,30.18,0.0
2025-04-12 02:07:43.624125,BTC,buy,0.0,30.07,0.0
2025-04-12 02:07:43.626102,BTC,buy,0.0,30.07,0.0
2025-04-12 02:07:43.628027,BTC,buy,0.0,28.04,0.0
2025-04-12 02:07:43.629154,BTC,buy,0.0,28.62,0.0
2025-04-12 02:07:43.630171,BTC,buy,0.0,26.9,0.0
2025-04-12 02:07:43.631081,BTC,buy,0.0,26.9,0.0
2025-04-12 02:07:43.632067,BTC,buy,0.0,27.83,0.0
2025-04-12 02:07:43.632980,BTC,buy,0.0,26.38,0.0
2025-04-12 02:07:43.633940,BTC,buy,0.0,26.17,0.0
2025-04-12 02:07:43.634868,BTC,buy,0.0,25.7,0.0
2025-04-12 02:07:43.635810,BTC,sell,0.0,27.76,0.0
2025-04-12 02:07:43.636678,BTC,sell,0.0,25.02,0.0
2025-04-12 02:07:43.637594,BTC,sell,0.0,25.02,0.0
2025-04-12 02:07:43.638871,BTC,sell,0.0,20.904,0.0
2025-04-12 02:07:43.640726,BTC,sell,0.0,21.23,0.0
2025-04-12 02:07:43.642248,BTC,sell,0.0,19.09,0.0
2025-04-12 02:07:43.643361,BTC,sell,0.0,18.31,0.0
2025-04-12 02:07:43.644397,BTC,sell,0.0,19.7,0.0
2025-04-12 02:07:43.645412,BTC,sell,0.0,18.75,0.0
2025-04-12 02:07:43.646414,BTC,sell,0.0,19.31,0.0
2025-04-12 02:07:43.647479,BTC,sell,0.0,18.55,0.0
2025-04-12 02:07:43.650149,BTC,sell,0.0,19.53,0.0
2025-04-12 02:07:43.651704,BTC,sell,0.0,18.74,0.0
2025-04-12 02:07:43.652802,BTC,sell,0.0,18.44,0.0
2025-04-12 02:07:43.653809,BTC,sell,0.0,18.62,0.0
2025-04-12 02:07:43.654796,BTC,sell,0.0,19.07,0.0
2025-04-12 02:07:43.655994,BTC,sell,0.0,19.04,0.0
2025-04-12 02:07:43.657353,BTC,sell,0.0,18.96,0.0
2025-04-12 02:07:43.658680,BTC,sell,0.0,20.54,0.0
2025-04-12 02:07:43.659698,BTC,sell,0.0,19.47,0.0
2025-04-12 02:07:43.660704,BTC,sell,0.0,19.95,0.0
2025-04-12 02:07:43.661949,BTC,sell,0.0,19.26,0.0
2025-04-12 02:07:43.662991,BTC,sell,0.0,20.14,0.0
2025-04-12 02:07:43.663958,BTC,sell,0.0,20.22,0.0
2025-04-12 02:07:43.664860,BTC,sell,0.0,19.53,0.0
2025-04-12 02:07:43.665999,BTC,sell,0.0,19.41,0.0
2025-04-12 02:07:43.667096,BTC,sell,0.0,18.68,0.0
2025-04-12 02:07:43.668008,BTC,sell,0.0,14.9835,0.0
2025-04-12 02:07:43.668861,BTC,sell,0.0,14.36,0.0
2025-04-12 02:07:43.669788,BTC,sell,0.0,14.06,0.0
2025-04-12 02:07:43.670646,BTC,sell,0.0,12.735,0.0
2025-04-12 02:07:43.671650,BTC,sell,0.0,12.47,0.0
2025-04-12 02:07:43.673193,BTC,sell,0.0,13.51,0.0
2025-04-12 02:07:43.674747,BTC,sell,0.0,13.51,0.0
2025-04-12 02:07:43.675793,BTC,sell,0.0,13.69,0.0
2025-04-12 02:07:43.676811,BTC,sell,0.0,13.85,0.0
2025-04-12 02:07:43.677745,BTC,sell,0.0,13.51,0.0
2025-04-12 02:07:43.678678,BTC,sell,0.0,13.25,0.0
2025-04-12 02:07:43.679575,BTC,sell,0.0,13.32,0.0
2025-04-12 02:07:43.680594,BTC,sell,0.0,12.06,0.0
2025-04-12 02:07:43.681507,BTC,sell,0.0,12.25,0.0
2025-04-12 02:07:43.682423,BTC,sell,0.0,12.93,0.0
2025-04-12 02:07:43.683313,BTC,sell,0.0,12.58,0.0
2025-04-12 02:07:43.684215,BTC,sell,0.0,13.75,0.0
2025-04-12 02:07:43.685100,BTC,sell,0.0,13.77,0.0
2025-04-12 02:07:43.686004,BTC,sell,0.0,12.85,0.0
2025-04-12 02:07:43.686960,BTC,sell,0.0,12.21,0.0
2025-04-12 02:07:43.688181,BTC,sell,0.0,12.41,0.0
2025-04-12 02:07:43.689625,BTC,sell,0.0,13.13,0.0
2025-04-12 02:07:43.690975,BTC,sell,0.0,13.7,0.0
2025-04-12 02:07:43.692041,BTC,sell,0.0,14.08,0.0
2025-04-12 02:07:43.693166,BTC,sell,0.0,15.38,0.0
2025-04-12 02:07:43.694361,BTC,sell,0.0,15.58,0.0
2025-04-12 02:07:43.695525,BTC,sell,0.0,15.04,0.0
2025-04-12 02:07:43.696753,BTC,sell,0.0,14.48,0.0
2025-04-12 02:07:43.698460,BTC,sell,0.0,13.76,0.0
2025-04-12 02:07:43.699748,BTC,sell,0.0,13.0,0.0
2025-04-12 02:07:43.700745,BTC,sell,0.0,14.23,0.0
2025-04-12 02:07:43.702030,BTC,sell,0.0,14.83,0.0
2025-04-12 02:07:43.703003,BTC,sell,0.0,14.8,0.0
2025-04-12 02:07:43.704082,BTC,sell,0.0,14.21,0.0
2025-04-12 02:07:43.705552,BTC,sell,0.0,14.18,0.0
2025-04-12 02:07:43.707339,BTC,sell,0.0,14.52,0.0
2025-04-12 02:07:43.708553,BTC,sell,0.0,13.99,0.0
2025-04-12 02:07:43.709648,BTC,sell,0.0,14.23,0.0
2025-04-12 02:07:43.710692,BTC,sell,0.0,15.14,0.0
2025-04-12 02:07:43.711650,BTC,sell,0.0,14.35,0.0
2025-04-12 02:07:43.712620,BTC,sell,0.0,14.96,0.0
2025-04-12 02:07:43.713650,BTC,sell,0.0,15.18,0.0
2025-04-12 02:07:43.714680,BTC,sell,0.0,15.22,0.0
2025-04-12 02:07:43.715611,BTC,buy,0.0,15.06,0.0
2025-04-12 02:07:43.716543,BTC,buy,0.0,14.94,0.0
2025-04-12 02:07:43.717472,BTC,buy,0.0,14.37,0.0
2025-04-12 02:07:43.718383,BTC,buy,0.0,14.48,0.0
2025-04-12 02:07:43.719802,BTC,buy,0.0,13.24,0.0
2025-04-12 02:07:43.721196,BTC,buy,0.0,12.94,0.0
2025-04-12 02:07:43.722564,BTC,buy,0.0,13.53,0.0
2025-04-12 02:07:43.724142,BTC,buy,0.0,13.59,0.0
2025-04-12 02:07:43.725442,BTC,buy,0.0,13.4,0.0
2025-04-12 02:07:43.726426,BTC,buy,0.0,12.667,0.0
2025-04-12 02:07:43.727385,BTC,buy,0.0,12.59,0.0
2025-04-12 02:07:43.728323,BTC,buy,0.0,12.59,0.0
2025-04-12 02:07:43.729243,BTC,buy,0.0,12.54,0.0
2025-04-12 02:07:43.730190,BTC,buy,0.0,12.28,0.0
2025-04-12 02:07:43.731231,BTC,buy,0.0,12.38,0.0
2025-04-12 02:07:43.732158,BTC,sell,0.0,11.72,0.0
2025-04-12 02:07:43.733139,BTC,sell,0.0,11.72,0.0
2025-04-12 02:07:43.734122,BTC,sell,0.0,12.11,0.0
2025-04-12 02:07:43.735625,BTC,sell,0.0,13.45,0.0
2025-04-12 02:07:43.737101,BTC,sell,0.0,14.15,0.0
2025-04-12 02:07:43.739117,BTC,sell,0.0,12.65,0.0
2025-04-12 02:07:43.741192,BTC,sell,0.0,12.36,0.0
2025-04-12 02:07:43.742323,BTC,sell,0.0,12.1,0.0
2025-04-12 02:07:43.743497,BTC,sell,0.0,11.98,0.0
2025-04-12 02:07:43.744723,BTC,sell,0.0,12.09,0.0
2025-04-12 02:07:43.745937,BTC,sell,0.0,11.66,0.0
2025-04-12 02:07:43.747322,BTC,sell,0.0,11.66,0.0
2025-04-12 02:07:43.749120,BTC,sell,0.0,11.74,0.0
2025-04-12 02:07:43.750952,BTC,sell,0.0,11.195,0.0
2025-04-12 02:07:43.752848,BTC,sell,0.0,11.39,0.0
2025-04-12 02:07:43.754705,BTC,sell,0.0,11.36,0.0
2025-04-12 02:07:43.756597,BTC,sell,0.0,11.68,0.0
2025-04-12 02:07:43.759010,BTC,sell,0.0,11.33,0.0
2025-04-12 02:07:43.760488,BTC,sell,0.0,11.41,0.0
2025-04-12 02:07:43.761749,BTC,sell,0.0,11.66,0.0
2025-04-12 02:07:43.763081,BTC,sell,0.0,12.1,0.0
2025-04-12 02:07:43.764357,BTC,sell,0.0,11.99,0.0
2025-04-12 02:07:43.765459,BTC,sell,0.0,11.95,0.0
2025-04-12 02:07:43.766909,BTC,sell,0.0,11.35,0.0
2025-04-12 02:07:43.767965,BTC,sell,0.0,11.33,0.0
2025-04-12 02:07:43.769113,BTC,sell,0.0,11.16,0.0
2025-04-12 02:07:43.770336,BTC,sell,0.0,11.21,0.0
2025-04-12 02:07:43.771896,BTC,sell,0.0,11.25,0.0
2025-04-12 02:07:43.773769,BTC,sell,0.0,11.16,0.0
2025-04-12 02:07:43.775526,BTC,sell,0.0,11.46,0.0
2025-04-12 02:07:43.777010,BTC,sell,0.0,11.31,0.0
2025-04-12 02:07:43.778312,BTC,sell,0.0,11.25,0.0
2025-04-12 02:07:43.779517,BTC,sell,0.0,11.27,0.0
2025-04-12 02:07:43.780769,BTC,sell,0.0,11.42,0.0
2025-04-12 02:07:43.782017,BTC,sell,0.0,11.55,0.0
2025-04-12 02:07:43.783540,BTC,sell,0.0,12.22,0.0
2025-04-12 02:07:43.784875,BTC,sell,0.0,12.52,0.0
2025-04-12 02:07:43.786297,BTC,sell,0.0,12.15,0.0
2025-04-12 02:07:43.787757,BTC,sell,0.0,12.06,0.0
2025-04-12 02:07:43.789246,BTC,sell,0.0,12.0,0.0
2025-04-12 02:07:43.791109,BTC,sell,0.0,12.03,0.0
2025-04-12 02:07:43.792886,BTC,sell,0.0,11.79,0.0
2025-04-12 02:07:43.794497,BTC,sell,0.0,11.82,0.0
2025-04-12 02:07:43.795911,BTC,sell,0.0,12.2535,0.0
2025-04-12 02:07:43.797603,BTC,sell,0.0,12.06,0.0
2025-04-12 02:07:43.799445,BTC,sell,0.0,10.564,0.0
2025-04-12 02:07:43.800965,BTC,sell,0.0,8.765,0.0
2025-04-12 02:07:43.802457,BTC,sell,0.0,9.65,0.0
2025-04-12 02:07:43.803878,BTC,sell,0.0,8.87,0.0
2025-04-12 02:07:43.805634,BTC,sell,0.0,8.955,0.0
2025-04-12 02:07:43.808584,BTC,sell,0.0,9.68,0.0
2025-04-12 02:07:43.810291,BTC,sell,0.0,9.2,0.0
2025-04-12 02:07:43.811769,BTC,sell,0.0,8.75,0.0
2025-04-12 02:07:43.813226,BTC,sell,0.0,8.35,0.0
2025-04-12 02:07:43.815705,BTC,sell,0.0,8.28,0.0
2025-04-12 02:07:43.819162,BTC,sell,0.0,8.444,0.0
2025-04-12 02:07:43.822749,BTC,sell,0.0,9.23,0.0
2025-04-12 02:07:43.827032,BTC,sell,0.0,9.03,0.0
2025-04-12 02:07:43.828685,BTC,sell,0.0,8.84,0.0
2025-04-12 02:07:43.830751,BTC,sell,0.0,8.69,0.0
2025-04-12 02:07:43.833462,BTC,sell,0.0,9.05,0.0
2025-04-12 02:07:43.835045,BTC,sell,0.0,8.89,0.0
2025-04-12 02:07:43.836695,BTC,sell,0.0,8.98,0.0
2025-04-12 02:07:43.839222,BTC,sell,0.0,8.82,0.0
2025-04-12 02:07:43.844929,BTC,sell,0.0,8.76,0.0
2025-04-12 02:07:43.847616,BTC,sell,0.0,8.11,0.0
2025-04-12 02:07:43.849193,BTC,sell,0.0,8.19,0.0
2025-04-12 02:07:43.850787,BTC,sell,0.0,8.03,0.0
2025-04-12 02:07:43.852369,BTC,sell,0.0,8.1,0.0
2025-04-12 02:07:43.853847,BTC,sell,0.0,8.29,0.0
2025-04-12 02:07:43.855976,BTC,sell,0.0,8.4,0.0
2025-04-12 02:07:43.858347,BTC,sell,0.0,8.3,0.0
2025-04-12 02:07:43.859662,BTC,sell,0.0,7.93,0.0
2025-04-12 02:07:43.860789,BTC,sell,0.0,8.13,0.0
2025-04-12 02:07:43.862141,BTC,sell,0.0,8.08,0.0
2025-04-12 02:07:43.863546,BTC,sell,0.0,8.05,0.0
2025-04-12 02:07:43.865543,BTC,sell,0.0,8.15,0.0
2025-04-12 02:07:43.867278,BTC,sell,0.0,8.33,0.0
2025-04-12 02:07:43.868295,BTC,sell,0.0,7.86,0.0
2025-04-12 02:07:43.869259,BTC,sell,0.0,7.8,0.0
2025-04-12 02:07:43.870185,BTC,sell,0.0,7.98,0.0
2025-04-12 02:07:43.871050,BTC,sell,0.0,8.29,0.0
2025-04-12 02:07:43.872474,BTC,sell,0.0,8.2,0.0
2025-04-12 02:07:43.873955,BTC,sell,0.0,8.38,0.0
2025-04-12 02:07:43.875341,BTC,sell,0.0,8.45,0.0
2025-04-12 02:07:43.876414,BTC,sell,0.0,8.65,0.0
2025-04-12 02:07:43.877457,BTC,sell,0.0,9.65,0.0
2025-04-12 02:07:43.879201,BTC,sell,0.0,9.88,0.0
2025-04-12 02:07:43.880630,BTC,sell,0.0,9.8,0.0
2025-04-12 02:07:43.881878,BTC,sell,0.0,10.49,0.0
2025-04-12 02:07:43.883276,BTC,sell,0.0,11.32,0.0
2025-04-12 02:07:43.884649,BTC,sell,0.0,11.72,0.0
2025-04-12 02:07:43.886032,BTC,buy,0.0,10.83,0.0
2025-04-12 02:07:43.887317,BTC,buy,0.0,11.46,0.0
2025-04-12 02:07:43.888885,BTC,buy,0.0,12.18,0.0
2025-04-12 02:07:43.891248,BTC,buy,0.0,12.28,0.0
2025-04-12 02:07:43.892411,BTC,buy,0.0,11.97,0.0
2025-04-12 02:07:43.893704,BTC,buy,0.0,12.11,0.0
2025-04-12 02:07:43.894777,BTC,buy,0.0,12.24,0.0
2025-04-12 02:07:43.895676,BTC,buy,0.0,12.36,0.0
2025-04-12 02:07:43.896659,BTC,buy,0.0,11.89,0.0
2025-04-12 02:07:43.897726,BTC,buy,0.0,12.15,0.0
2025-04-12 02:07:43.899037,BTC,buy,0.0,12.65,0.0
2025-04-12 02:07:43.900155,BTC,buy,0.0,12.93,0.0
2025-04-12 02:07:43.901147,BTC,buy,0.0,12.32,0.0
2025-04-12 02:07:43.902265,BTC,buy,0.0,11.93,0.0
2025-04-12 02:07:43.903357,BTC,buy,0.0,12.15,0.0
2025-04-12 02:07:43.904408,BTC,buy,0.0,11.75,0.0
2025-04-12 02:07:43.905732,BTC,buy,0.0,10.63,0.0
2025-04-12 02:07:43.906997,BTC,buy,0.0,10.67,0.0
2025-04-12 02:07:43.908281,BTC,buy,0.0,10.39,0.0
2025-04-12 02:07:43.909455,BTC,buy,0.0,10.85,0.0
2025-04-12 02:07:43.910465,BTC,buy,0.0,12.17,0.0
2025-04-12 02:07:43.911505,BTC,buy,0.0,11.89,0.0
2025-04-12 02:07:43.913196,BTC,buy,0.0,12.2,0.0
2025-04-12 02:07:43.914543,BTC,buy,0.0,11.88,0.0
2025-04-12 02:07:43.915515,BTC,buy,0.0,11.58,0.0
2025-04-12 02:07:43.916563,BTC,buy,0.0,11.89,0.0
2025-04-12 02:07:43.917545,BTC,buy,0.0,11.46,0.0
2025-04-12 02:07:43.918429,BTC,buy,0.0,11.49,0.0
2025-04-12 02:07:43.919354,BTC,buy,0.0,11.54,0.0
2025-04-12 02:07:43.920276,BTC,buy,0.0,11.51,0.0
2025-04-12 02:07:43.921255,BTC,buy,0.0,11.51,0.0
2025-04-12 02:07:43.922277,BTC,buy,0.0,11.25,0.0
2025-04-12 02:07:43.924005,BTC,buy,0.0,11.77,0.0
2025-04-12 02:07:43.925598,BTC,buy,0.0,12.9,0.0
2025-04-12 02:07:43.926651,BTC,buy,0.0,13.24,0.0
2025-04-12 02:07:43.927587,BTC,buy,0.0,11.8,0.0
2025-04-12 02:07:43.928529,BTC,buy,0.0,11.23,0.0
2025-04-12 02:07:43.929443,BTC,buy,0.0,12.65,0.0
2025-04-12 02:07:43.930349,BTC,buy,0.0,13.49,0.0
2025-04-12 02:07:43.931596,BTC,buy,0.0,13.27,0.0
2025-04-12 02:07:43.932727,BTC,buy,0.0,14.05,0.0
2025-04-12 02:07:43.933720,BTC,buy,0.0,15.43,0.0
2025-04-12 02:07:43.934649,BTC,buy,0.0,16.0,0.0
2025-04-12 02:07:43.935556,BTC,buy,0.0,16.0,0.0
2025-04-12 02:07:43.936438,BTC,buy,0.0,15.08,0.0
2025-04-12 02:07:43.937491,BTC,buy,0.0,16.1,0.0
2025-04-12 02:07:43.938780,BTC,buy,0.0,16.0,0.0
2025-04-12 02:07:43.940963,BTC,buy,0.0,15.23,0.0
2025-04-12 02:07:43.942105,BTC,buy,0.0,15.61,0.0
2025-04-12 02:07:43.943182,BTC,buy,0.0,15.84,0.0
2025-04-12 02:07:43.944278,BTC,buy,0.0,15.82,0.0
2025-04-12 02:07:43.945508,BTC,buy,0.0,16.36,0.0
2025-04-12 02:07:43.946788,BTC,buy,0.0,16.05,0.0
2025-04-12 02:07:43.948019,BTC,buy,0.0,15.96,0.0
2025-04-12 02:07:43.949312,BTC,buy,0.0,16.19,0.0
2025-04-12 02:07:43.950824,BTC,buy,0.0,16.21,0.0
2025-04-12 02:07:43.952195,BTC,buy,0.0,17.14,0.0
2025-04-12 02:07:43.953502,BTC,buy,0.0,17.72,0.0
2025-04-12 02:07:43.954798,BTC,buy,0.0,17.07,0.0
2025-04-12 02:07:43.957277,BTC,buy,0.0,17.7,0.0
2025-04-12 02:07:43.958838,BTC,buy,0.0,17.43,0.0
2025-04-12 02:07:43.960237,BTC,buy,0.0,16.81,0.0
2025-04-12 02:07:43.962087,BTC,buy,0.0,17.14,0.0
2025-04-12 02:07:43.963922,BTC,buy,0.0,16.34,0.0
2025-04-12 02:07:43.965526,BTC,buy,0.0,15.82,0.0
2025-04-12 02:07:43.966944,BTC,buy,0.0,15.2,0.0
2025-04-12 02:07:43.968313,BTC,buy,0.0,14.99,0.0
2025-04-12 02:07:43.969676,BTC,buy,0.0,14.96,0.0
2025-04-12 02:07:43.970964,BTC,buy,0.0,15.1,0.0
2025-04-12 02:07:43.973898,BTC,buy,0.0,16.44,0.0
2025-04-12 02:07:43.977445,BTC,buy,0.0,16.42,0.0
2025-04-12 02:07:43.979186,BTC,buy,0.0,15.25,0.0
2025-04-12 02:07:43.980688,BTC,buy,0.0,16.21,0.0
2025-04-12 02:07:43.982104,BTC,buy,0.0,16.35,0.0
2025-04-12 02:07:43.983554,BTC,buy,0.0,16.55,0.0
2025-04-12 02:07:43.985008,BTC,buy,0.0,16.81,0.0
2025-04-12 02:07:43.986390,BTC,buy,0.0,15.51,0.0
2025-04-12 02:07:43.987683,BTC,buy,0.0,15.66,0.0
2025-04-12 02:07:43.990461,BTC,buy,0.0,15.39,0.0
2025-04-12 02:07:43.992055,BTC,buy,0.0,14.66,0.0
2025-04-12 02:07:43.993682,BTC,buy,0.0,14.26,0.0
2025-04-12 02:07:43.994966,BTC,buy,0.0,15.0,0.0
2025-04-12 02:07:43.996319,BTC,buy,0.0,14.63,0.0
2025-04-12 02:07:43.998048,BTC,buy,0.0,15.02,0.0
2025-04-12 02:07:43.999446,BTC,sell,0.0,14.42,0.0
2025-04-12 02:07:44.000755,BTC,sell,0.0,14.39,0.0
2025-04-12 02:07:44.002124,BTC,sell,0.0,14.19,0.0
2025-04-12 02:07:44.003370,BTC,sell,0.0,14.33,0.0
2025-04-12 02:07:44.004852,BTC,sell,0.0,13.695,0.0
2025-04-12 02:07:44.006680,BTC,sell,0.0,13.76,0.0
2025-04-12 02:07:44.008103,BTC,sell,0.0,13.83,0.0
2025-04-12 02:07:44.009202,BTC,sell,0.0,14.35,0.0
2025-04-12 02:07:44.010175,BTC,sell,0.0,13.89,0.0
2025-04-12 02:07:44.011185,BTC,sell,0.0,13.89,0.0
2025-04-12 02:07:44.012179,BTC,sell,0.0,14.38,0.0
2025-04-12 02:07:44.013098,BTC,sell,0.0,13.6805,0.0
2025-04-12 02:07:44.014206,BTC,sell,0.0,14.47,0.0
2025-04-12 02:07:44.015486,BTC,sell,0.0,13.83,0.0
2025-04-12 02:07:44.016463,BTC,sell,0.0,13.85,0.0
2025-04-12 02:07:44.017412,BTC,sell,0.0,13.54,0.0
2025-04-12 02:07:44.018323,BTC,sell,0.0,13.12,0.0
2025-04-12 02:07:44.019226,BTC,sell,0.0,13.11,0.0
2025-04-12 02:07:44.020291,BTC,sell,0.0,13.26,0.0
2025-04-12 02:07:44.021221,BTC,sell,0.0,13.4,0.0
2025-04-12 02:07:44.022224,BTC,sell,0.0,15.12,0.0
2025-04-12 02:07:44.023162,BTC,sell,0.0,16.85,0.0
2025-04-12 02:07:44.024115,BTC,sell,0.0,17.72,0.0
2025-04-12 02:07:44.025046,BTC,sell,0.0,18.0,0.0
2025-04-12 02:07:44.025938,BTC,sell,0.0,19.19,0.0
2025-04-12 02:07:44.029338,BTC,sell,0.0,18.18,0.0
2025-04-12 02:07:44.032214,BTC,sell,0.0,19.47,0.0
2025-04-12 02:07:44.042273,BTC,buy,0.0,18.61,0.0
2025-04-12 02:07:44.044284,BTC,buy,0.0,19.55,0.0
2025-04-12 02:07:44.045586,BTC,buy,0.0,19.19,0.0
2025-04-12 02:07:44.046755,BTC,buy,0.0,20.45,0.0
2025-04-12 02:07:44.047806,BTC,buy,0.0,20.14,0.0
2025-04-12 02:07:44.048849,BTC,buy,0.0,20.08,0.0
2025-04-12 02:07:44.049947,BTC,buy,0.0,19.81,0.0
2025-04-12 02:07:44.052488,BTC,buy,0.0,19.99,0.0
2025-04-12 02:07:44.055346,BTC,buy,0.0,19.93,0.0
2025-04-12 02:07:44.058418,BTC,buy,0.0,19.7,0.0
2025-04-12 02:07:44.059680,BTC,buy,0.0,21.38,0.0
2025-04-12 02:07:44.061953,BTC,buy,0.0,19.75,0.0
2025-04-12 02:07:44.063072,BTC,buy,0.0,19.92,0.0
2025-04-12 02:07:44.064194,BTC,buy,0.0,19.71,0.0
2025-04-12 02:07:44.065533,BTC,buy,0.0,20.08,0.0
2025-04-12 02:07:44.067811,BTC,buy,0.0,19.59,0.0
2025-04-12 02:07:44.068919,BTC,buy,0.0,19.875,0.0
2025-04-12 02:07:44.069998,BTC,buy,0.0,19.2,0.0
2025-04-12 02:07:44.071058,BTC,buy,0.0,19.17,0.0
2025-04-12 02:07:44.073099,BTC,buy,0.0,19.26,0.0
2025-04-12 02:07:44.075099,BTC,buy,0.0,18.39,0.0
2025-04-12 02:07:44.076147,BTC,buy,0.0,18.725,0.0
2025-04-12 02:07:44.077113,BTC,buy,0.0,19.13,0.0
2025-04-12 02:07:44.078076,BTC,buy,0.0,19.04,0.0
2025-04-12 02:07:44.079231,BTC,buy,0.0,19.16,0.0
2025-04-12 02:07:44.080867,BTC,buy,0.0,19.3,0.0
2025-04-12 02:07:44.081893,BTC,buy,0.0,19.22,0.0
2025-04-12 02:07:44.083190,BTC,buy,0.0,19.16,0.0
2025-04-12 02:07:44.084580,BTC,buy,0.0,20.09,0.0
2025-04-12 02:07:44.085802,BTC,buy,0.0,19.67,0.0
2025-04-12 02:07:44.086926,BTC,buy,0.0,19.8,0.0
2025-04-12 02:07:44.088592,BTC,buy,0.0,19.82,0.0
2025-04-12 02:07:44.090633,BTC,buy,0.0,20.12,0.0
2025-04-12 02:07:44.091991,BTC,buy,0.0,19.66,0.0
2025-04-12 02:07:44.093122,BTC,buy,0.0,19.46,0.0
2025-04-12 02:07:44.094203,BTC,buy,0.0,18.5333,0.0
2025-04-12 02:07:44.095232,BTC,buy,0.0,17.4,0.0
2025-04-12 02:07:44.096220,BTC,buy,0.0,17.21,0.0
2025-04-12 02:07:44.097438,BTC,buy,0.0,17.0,0.0
2025-04-12 02:07:44.098472,BTC,buy,0.0,18.19,0.0
2025-04-12 02:07:44.099754,BTC,buy,0.0,17.68,0.0
2025-04-12 02:07:44.100820,BTC,sell,0.0,17.35,0.0
2025-04-12 02:07:44.101756,BTC,sell,0.0,17.58,0.0
2025-04-12 02:07:44.102816,BTC,sell,0.0,20.56,0.0
2025-04-12 02:07:44.103764,BTC,sell,0.0,19.71,0.0
2025-04-12 02:07:44.106415,BTC,sell,0.0,18.71,0.0
2025-04-12 02:07:44.107821,BTC,sell,0.0,18.48,0.0
2025-04-12 02:07:44.109182,BTC,sell,0.0,18.55,0.0
2025-04-12 02:07:44.110286,BTC,sell,0.0,18.6,0.0
2025-04-12 02:07:44.111260,BTC,sell,0.0,19.3,0.0
2025-04-12 02:07:44.112188,BTC,sell,0.0,19.3,0.0
2025-04-12 02:07:44.113119,BTC,sell,0.0,18.65,0.0
2025-04-12 02:07:44.114048,BTC,sell,0.0,19.26,0.0
2025-04-12 02:07:44.115382,BTC,sell,0.0,19.21,0.0
2025-04-12 02:07:44.116591,BTC,sell,0.0,19.46,0.0
2025-04-12 02:07:44.117717,BTC,sell,0.0,19.26,0.0
2025-04-12 02:07:44.118651,BTC,sell,0.0,19.23,0.0
2025-04-12 02:07:44.119813,BTC,sell,0.0,19.84,0.0
2025-04-12 02:07:44.120729,BTC,sell,0.0,19.42,0.0
2025-04-12 02:07:44.121966,BTC,sell,0.0,19.0,0.0
2025-04-12 02:07:44.123464,BTC,sell,0.0,18.9,0.0
2025-04-12 02:07:44.124461,BTC,buy,0.0,18.45,0.0
2025-04-12 02:07:44.125413,BTC,buy,0.0,18.17,0.0
2025-04-12 02:07:44.126302,BTC,buy,0.0,18.13,0.0
2025-04-12 02:07:44.127196,BTC,sell,0.0,19.0,0.0
2025-04-12 02:07:44.128088,BTC,buy,0.0,19.19,0.0
2025-04-12 02:07:44.128975,BTC,buy,0.0,19.45,0.0
2025-04-12 02:07:44.130193,BTC,buy,0.0,19.64,0.0
2025-04-12 02:07:44.131520,BTC,buy,0.0,20.14,0.0
2025-04-12 02:07:44.132680,BTC,buy,0.0,20.15,0.0
2025-04-12 02:07:44.133709,BTC,buy,0.0,20.73,0.0
2025-04-12 02:07:44.134784,BTC,buy,0.0,20.5,0.0
2025-04-12 02:07:44.135868,BTC,buy,0.0,20.58,0.0
2025-04-12 02:07:44.137003,BTC,buy,0.0,20.07,0.0
2025-04-12 02:07:44.138085,BTC,buy,0.0,20.02,0.0
2025-04-12 02:07:44.139725,BTC,buy,0.0,20.24,0.0
2025-04-12 02:07:44.140925,BTC,buy,0.0,21.8,0.0
2025-04-12 02:07:44.141941,BTC,buy,0.0,22.16,0.0
2025-04-12 02:07:44.142889,BTC,buy,0.0,22.207,0.0
2025-04-12 02:07:44.143808,BTC,buy,0.0,22.207,0.0
2025-04-12 02:07:44.144705,BTC,buy,0.0,23.64,0.0
2025-04-12 02:07:44.146056,BTC,buy,0.0,24.705,0.0
2025-04-12 02:07:44.147356,BTC,buy,0.0,26.16,0.0
2025-04-12 02:07:44.149052,BTC,buy,0.0,26.79,0.0
2025-04-12 02:07:44.150130,BTC,buy,0.0,25.77,0.0
2025-04-12 02:07:44.151059,BTC,buy,0.0,25.07,0.0
2025-04-12 02:07:44.151999,BTC,buy,0.0,26.48,0.0
2025-04-12 02:07:44.152910,BTC,buy,0.0,26.76,0.0
2025-04-12 02:07:44.153792,BTC,buy,0.0,26.89,0.0
2025-04-12 02:07:44.154712,BTC,buy,0.0,27.1675,0.0
2025-04-12 02:07:44.155819,BTC,buy,0.0,27.05,0.0
2025-04-12 02:07:44.157267,BTC,buy,0.0,26.95,0.0
2025-04-12 02:07:44.158251,BTC,buy,0.0,28.1,0.0
2025-04-12 02:07:44.159168,BTC,buy,0.0,27.8,0.0
2025-04-12 02:07:44.160055,BTC,buy,0.0,29.09,0.0
2025-04-12 02:07:44.161233,BTC,buy,0.0,29.973,0.0
2025-04-12 02:07:44.162300,BTC,buy,0.0,29.06,0.0
2025-04-12 02:07:44.163317,BTC,buy,0.0,27.42,0.0
2025-04-12 02:07:44.164258,BTC,buy,0.0,29.76,0.0
2025-04-12 02:07:44.165215,BTC,buy,0.0,28.985,0.0
2025-04-12 02:07:44.166235,BTC,buy,0.0,28.99,0.0
2025-04-12 02:07:44.167390,BTC,buy,0.0,29.79,0.0
2025-04-12 02:07:44.168540,BTC,buy,0.0,29.2,0.0
2025-04-12 02:07:44.169717,BTC,buy,0.0,30.45,0.0
2025-04-12 02:07:44.170829,BTC,buy,0.0,31.21,0.0
2025-04-12 02:07:44.172012,BTC,buy,0.0,30.105,0.0
2025-04-12 02:07:44.173734,BTC,buy,0.0,31.51,0.0
2025-04-12 02:07:44.174814,BTC,buy,0.0,31.018,0.0
2025-04-12 02:07:44.175919,BTC,buy,0.0,30.245,0.0
2025-04-12 02:07:44.177354,BTC,buy,0.0,31.73,0.0
2025-04-12 02:07:44.178558,BTC,buy,0.0,33.636,0.0
2025-04-12 02:07:44.179789,BTC,buy,0.0,35.1,0.0
2025-04-12 02:07:44.180896,BTC,buy,0.0,34.92,0.0
2025-04-12 02:07:44.181935,BTC,buy,0.0,34.92,0.0
2025-04-12 02:07:44.182863,BTC,buy,0.0,35.51,0.0
2025-04-12 02:07:44.183785,BTC,buy,0.0,32.46,0.0
2025-04-12 02:07:44.184690,BTC,buy,0.0,33.42,0.0
2025-04-12 02:07:44.185570,BTC,buy,0.0,35.59,0.0
2025-04-12 02:07:44.186531,BTC,buy,0.0,34.9,0.0
2025-04-12 02:07:44.187428,BTC,buy,0.0,34.1,0.0
2025-04-12 02:07:44.188420,BTC,buy,0.0,34.54,0.0
2025-04-12 02:07:44.190023,BTC,buy,0.0,34.934,0.0
2025-04-12 02:07:44.191133,BTC,buy,0.0,35.83,0.0
2025-04-12 02:07:44.192092,BTC,buy,0.0,36.295,0.0
2025-04-12 02:07:44.193180,BTC,buy,0.0,36.91,0.0
2025-04-12 02:07:44.194443,BTC,buy,0.0,35.65,0.0
2025-04-12 02:07:44.196004,BTC,buy,0.0,36.25,0.0
2025-04-12 02:07:44.197069,BTC,buy,0.0,34.81,0.0
2025-04-12 02:07:44.198075,BTC,buy,0.0,34.62,0.0
